<?xml version="1.0" encoding="UTF-8"?><collection xmlns="http://www.loc.gov/MARC21/slim"><record><leader>00450nam--2200157-i-4500</leader><controlfield tag="001">000013739</controlfield><controlfield tag="002">20161230</controlfield><controlfield tag="005">20170306224403</controlfield><controlfield tag="008">060222s1000------------r-----000-0-eng-d</controlfield><datafield ind1=" " ind2=" " tag="100"><subfield code="a">Carey, David C</subfield></datafield><datafield ind1=" " ind2=" " tag="245"><subfield code="a">Why a second-order magnetic optical achromat works</subfield></datafield><datafield ind1=" " ind2=" " tag="260"><subfield code="a">Batavia</subfield><subfield code="b">Fermi National Accelerator Laboratory</subfield><subfield code="c">1980</subfield></datafield><datafield ind1=" " ind2=" " tag="300"><subfield code="a">12 p</subfield></datafield><datafield ind1=" " ind2=" " tag="490"><subfield code="a">Fermilab-pub-79/31-exp</subfield></datafield><datafield ind1=" " ind2=" " tag="852"><subfield code="a">539.12.162.8(047.3)</subfield></datafield><datafield ind1=" " ind2=" " tag="CAT"><subfield code="a">SYS</subfield><subfield code="c">20170306</subfield><subfield code="h">224403</subfield></datafield></record></collection>